<?xml version="1.0" encoding="UTF-8"?><record xmlns="http://www.loc.gov/MARC21/slim" xmlns:cinclude="http://apache.org/cocoon/include/1.0" xmlns:zs="http://www.loc.gov/zing/srw/">
  <leader>00783cz  a2200217n  4500</leader>
  <controlfield tag="001">n  82076208 </controlfield>
  <controlfield tag="003">DLC</controlfield>
  <controlfield tag="005">20080916075654.0</controlfield>
  <controlfield tag="008">820702n| acannaabn          |b aaa      </controlfield>
  <datafield tag="010" ind1=" " ind2=" ">
    <subfield code="a">n  82076208 </subfield>
  </datafield>
  <datafield tag="035" ind1=" " ind2=" ">
    <subfield code="a">(OCoLC)oca00772948</subfield>
  </datafield>
  <datafield tag="040" ind1=" " ind2=" ">
    <subfield code="a">DLC</subfield>
    <subfield code="b">eng</subfield>
    <subfield code="c">DLC</subfield>
    <subfield code="d">DLC</subfield>
    <subfield code="d">OCoLC</subfield>
  </datafield>
  <datafield tag="100" ind1="1" ind2=" ">
    <subfield code="a">Paek, Tu-jin,</subfield>
    <subfield code="d">1908-</subfield>
  </datafield>
  <datafield tag="400" ind1="1" ind2=" ">
    <subfield code="a">Paek, Sogye,</subfield>
    <subfield code="d">1908-</subfield>
  </datafield>
  <datafield tag="400" ind1="1" ind2=" ">
    <subfield code="a">Paek, So-gye,</subfield>
    <subfield code="d">1908-</subfield>
  </datafield>
  <datafield tag="400" ind1="1" ind2=" ">
    <subfield code="a">白斗鎭,</subfield>
    <subfield code="d">1908-</subfield>
  </datafield>
  <datafield tag="400" ind1="1" ind2=" ">
    <subfield code="a">白斗鎮,</subfield>
    <subfield code="d">1908-</subfield>
  </datafield>
  <datafield tag="667" ind1=" " ind2=" ">
    <subfield code="a">Machine-derived non-Latin script reference project.</subfield>
  </datafield>
  <datafield tag="667" ind1=" " ind2=" ">
    <subfield code="a">Non-Latin script references not evaluated.</subfield>
  </datafield>
  <datafield tag="670" ind1=" " ind2=" ">
    <subfield code="a">His Paek Tu-jin hoegorok. Sokpʻyŏn, 1981:</subfield>
    <subfield code="b">t.p. (Paek Tu-jin) p. 530 (b. 10/7/08; head of 8th Kukhoe, 1971)</subfield>
  </datafield>
  <datafield tag="670" ind1=" " ind2=" ">
    <subfield code="a">His Sogye Paek Tu-jin kŭ nun nugu inʼga, 1987:</subfield>
    <subfield code="b">t.p. (Paek Tu-jin; h. Sogye)</subfield>
  </datafield>
</record>